@book{Bailey1995,
	title = {Interactive Spatial Data Analysis},
	author = {Bailey, Trevor C. and Gatrell, Anthony C.},
	publisher = {Routledge},
	year = {1995},
}

@article{Breed2009,
	title = {Sex-specific, seasonal foraging tactics of adult grey seals (\emph{Halichoerus grypus}) revealed by state-space analysis},
	author = {Breed, Greg A. and Jonsen, Ian D. and Myers, Ransom A. and Bowen, W. Don and Leonard, Marty L.},
	journal = {Ecology},
	volume = {90},
	number = {11},
	pages = {3209-3221},
	year = {2009},
}

@article{Butler2019,
	title = {Does fish herding enhance catch rates and detection of invasive bigheaded carp},
	author = {Butler, Steven E. and Porrca, Anthony P. and Collins, Scott F. and Freedman, Jonathan A. and Parkos III, Joseph J. and Diana, Matthew J. and Wahl, David H.},
	journal = {Biological Invasions},
	volume = {21},
	pages = {775-785},
	year = {2019}
}

@article{Chick2020,
	title = {Invasive silver carp is empirically linked to declines of native sport fish in the Upper Mississippi River System},
	author = {Chick, John H. and Gibson-Reinemer, Daniel K. and Soeken-Gittinger, Lori and Casper, Andrew F.},
	journal = {Biological Invasions},
	volume = {22},
	pages = {723-734},
	year = {2020},
}

@article{Clarkson2004,
	title = {Effectiveness of Electrical Fish Barriers Associated with the Central Arizona Project},
	author = {Clarkson, Robert W},
	journal = {North American Journal of Fisheries Management},
	volume = {24},
	number = {1},
	pages = {94-105},
	year = {2004},
}

@article{Collins2015,
	title = {Catch RAtes and Cost Effectiveness of Entrapment Gears for Asian Carp: A Comparison of Pound Nets, Hoop Nets, and Fyke Nets in Backwater Lakes of the Illinois River},
	author = {Collins, Scott F. and Butler, Steven E. and Diana, Matthew J. and Wahl, David H.},
	journal = {North American Jounral of Fisheries Management},
	volume = {35},
	number = {6},
	pages = {1219-1225},
	year = {2015},
}

@misc{crawl,
	title = {crawl: an R package for fitting continuous-time correlated random walk models to animal movement data},
	author = {Devin S. Johnson and Josh M. London},
	year = {2018},
	doi = {10.5281/zenodo.596464},
	url = {https://doi.org/10.5281/zenodo.596464},
}

@article{Cupp2021,
	title = {Emerging control strategies for integrated pest management of invasive carps},
	author = {Cupp, Aaron R. and Brey, Marybeth K. and Calfee, Robin D. and Chapman, Duane C. and Erickson, Richard and Fischer, Jesse and Fritts, Andrea K. and George, Amy E. and Jackson, P. Ryan and Knights, Brent C. and Saari, Gavin N. and Ko{\v c}ovsk{\' y}, Patrick M.},
	
}

@article{DeBoer2018,
	title = {Multi-trophic response to invasive silver carp},
	author = {DeBoer, Jason A. and Anderson, Alison M. and Casper, Andrew F.},
	journal = {Freshwater Biology},
	volume = {63},
	number = {6},
	pages = {597-611},
	year = {2018},
}

@article{Dennis2019,
	title = {A complex sound coupled with an air curtain blocks invasive carp passage without habituation in a laboratory flume},
	author = {Dennis, Clark E. III and Zielinski, Daniel and Sorensen, Peter W.},
	journal = {Biological Invasions},
	volume = {21},
	pages = {2837-2855},
	year = {2019},
}

@article{Dolan2003,
	title = {Immobilization Thresholds of Electrofishing Relative to Fish Size},
	author = {Dolan, C.R. and Miranda, L.E.},
	journal = {Transactions of the American Fisheries Society},
	volume = {132},
	number = {5},
	pages = {969-976},
	year = {2003},
}

@article{Donaldson2016,
	title = {Carbon Dioxide as a Tool to Deter the Movement of Invasive Bigheaded Carps},
	author = {Donaldson, Michael R. and Amberg, Jon and Adhikari, Shivani and Cupp, Aaron and Jensen, Nathan and Romine, Jason},
	journal = {Transactions of the American Fisheries Society},
	volume = {145},
	number = {3},
	pages = {657-670},
	year = {2016},
}

@article{Fritts2018,
	title = {Evaluating potential effects of bigheaded carps on fatty acid profiles of multiple trophic levels in large rivers of the Midwest, USA},
	author = {Fritts, Andrea K. and Knights, Brent C. and Lafrancois, Toben D. and Vallazza, Jon M. and Bartsch, Lynn A. and Bartsch, Michelle R. and Richardson, William B. and Bailey, Sean W. and Kreiling, Rebecca M. and Karns, Byron N.},
	journal = {Food Webs},
	volume = {16},
	year = {2018},
}

@article{Fryxell2008,
	title = {Multiple movement modes by large herbiovores at multiple spatiotemporal scales},
	author = {Fryxell, John M. and Hazell, Megan and Börger, Luca and Dalziel, Ben D. and Haydon, Daniel T. and Morales, Juan M. and McIntosh, Therese and Rosatte, Rick C.},
	journal = {PNAS},
	volume = {105},
	number = {49},
	pages = {19114-19119},
	year = {2008},
}

@article{George1995,
	title = {Physical mechanisms to explain the observed features of ambient noise in shallow water},
	author = {George, Jacob},
	journal = {The Journal of the Acoustical Society of America},
	volume = {99},
	number = {6},
	pages = {3439-3444},
	year = {1996}
}

@article{Grotta-Neto2019,
	title = {Influential factors on gray brocket deer (\emph{Mazama gouazoubira}) activity and movement in the Pantanal, Brazil},
	author = {Grotta-Neto, Francisco and Peres, Pedro H. F. and Piovezan, Ubiratan and Passos, Fernando C. and Duarte, José M. B.},
	journal = {Journal of Mammalogy},
	volume = {100}, 
	number = {2},
	pages = {454-463},
	year = {2019},
}

@article{Hiemstra2008,
	title = {Real-time automatic interpolation of ambient gamma dose rates from the Dutch Radioactivity Monitoring Network},
	author = {P.H. Hiemstra and E.J. Pebesma and C.J.W. Twenh"{o}fel and G.B.M. Heuvelink},
	journal = {Computers \& Geosciences},
	year = {2008},
	note = {DOI: http://dx.doi.org/10.1016/j.cageo.2008.10.011},
}

@article{Johnson2008,
	title = {Continuous-time correlated random walk model for animal telemetry data},
	author = {Johnson, Devin S. and London, Joshua M. and Lea, Mary-Anne and Durban, John W.},
	journal = {Ecology},
	volume = {89},
	number = {5},
	pages = {1208-1215},
	year = {2008},
}

@book{Kolar2007,
	title = {Bigheaded carps: a biological synopsis and environmental risk assessment},
	author = {Kolar, Cindy S. and Chapman, Duane C. and Courtenay, Walter R. and Housel, Christine M. and Williams, James D. and Jennings, Dawn P.},
	publisher = {American Fisheries Society},
	year = {2007},
	series = {American Fisheries Society Special Publication},
	number = {33}
}

@article{Morgan2018,
	title = {Perception of Asian carp as a possible food source among Missouri anglers},
	author = {Morgan, Mark and Ho, Yun},
	journal = {Human Dimensions of Wildlife},
	volume = {23},
	number = {5},
	pages = {491-498},
	year = {2018}
}

@article{McClintock2012,
	title = {A general discrete-time modeling framework for animal movement using multistate random walks},
	author = {McClintock, Brett T. and King, Ruth and Thomas, Len and Matthiopoulos, Jason and McConnell, Bernie J. and Morales, Juan M.},
	journal = {Ecological Monographs},
	volume = {82},
	number = {3},
	pages = {335-349},
	year = {2012},
}

@article{McClintock2018,
	title = {momentuHMM: R package for generalized hidden Markov models of animal movement},
	author = {McClintock, Brett T. and Michelot, Théo},
	journal = {Methods in Ecology and Evolution},
	volume = {9},
	pages = {1518-1530},
	year = {2018},
}

@inbook{McConnell2010,
	title = {Marine Mammal Ecology and Conservation: A Handbook of Techniques},
	author = {McConnell, Bernie and Fedak, Mike and Hooker, Sascha and Patterson, Toby},
	chapter = {10},
	pages = {222-262},
	publisher = {Oxford University Press},
	year = {2010},
}

@article{Michelot2016,
	title = {moveHMM: an R package for the statistical modelling of animal movement data using hidden Markov models},
	author = {Michelot, Théo and Langrock, Roland and Patterson, Toby A.},
	journal = {Methods in Ecology and Evolution},
	volume = {7},
	pages = {1308-1315},
	year = {2016},
}

@article{Morales2004,
	title = {Extracting more out of relocation data: building movement models as mixtures of random walks},
	author = {Morales, Juan Manuel and Haydon, Daniel T. and Frair, Jacqui and Holsinger, Kent E. and Fryxell, John M.},
	journal = {Ecology},
	volume = {85},
	number = {9},
	pages = {2436-2445},
	year = {2004},
}

@article{Murchy2017,
	title = {Potential implications of acoustic stimuli as a non-physical barrier to silver carp and bighead carp},
	author = {Murchy, K. A. and Cupp, A. R. and Amberg, J. J. and Vetter, B. J. and Fredricks, K. T. and Gaikowski, P. and Mensinger, A. F.},
	journal = {Fisheries Management and Ecology},
	volume = {24},
	number = {3},
	pages = {208-216},
	year = {2017},
}

@article{Parker2016,
	title = {Fish distribution, abundance, and behavioral interactions within a large electrical dispersal barrier designed to prevent Asian carp movement},
	author = {Parker, Aaron D. and Glover, David C. and Finney, Samuel T. and Rogers, P. Bradley and Steward, Jeffrey G. and Simmonds Jr., Robert L.},
	journal = {Canadian Journal of Fisheries and Aquatic Sciences},
	volume = {73},
	number = {7},
	pages = {1060-1071},
	year = {2016},
}

@article{Pegg2002,
	title = {Establishment of Bighead Carp in an Illinois River Floodplain Lake: A Potential Source  Population for the Illinois River},
	author = {Pegg, Mark. A and Lemke, Maria and Stoeckel, James A.},
	journal = {Journal of Freshwater Ecology},
	volume = {17},
	number = {1},
	pages = {161-163},
	year = {2002},
}

@article{Phelps2017,
	title = {Incorporating basic and applied approaches to evaluate the effects of invasive Asian Carp on native fishes: A necessary first step for integrated pest management},
	author = {Phelps, Quinton E. and Tripp, Sara J. and Bales, Kyle R. and James, Daniel and Hrabik, Robert A. and Herzog, David P.},
	journal = {PLoS ONE},
	volume = {12},
	number = {9},
	year = {2017},
}

@article{Rabiner1989,
	title = {A Tutorial on Hidden Markov Models and Selected Applications in Speech Recognition},
	author = {Rabiner, Lawrence R.},
	journal = {Proceedings of the IEEE},
	volume = {77},
	number = {2},
	pages = {257-286},
	year = {1989},
}

@manual{Rlang2022,
	title = {R: A Language and Environment for Statistical Computing},
	author = {{R Core Team}},
	organization = {R Foundation for Statistical Computing},
	address = {Vienna, Austria},
	year = {2022},
	url = {https://www.R-project.org/},
}

@article{Roever2014,
	title = {The pitfalls of ignoring behaviour when quantifying habitat selection},
	author = {Roever, C. L. and Beyer, H. L. and Chase, M. J. and {van Aarde}, R. J.},
	journal = {Diversity and Distributions},
	volume = {20},
	pages = {322-333},
	year = {2014},
}

@article{Solomon2016,
	title = {Long-term changes in fish community structure in relation to teh establishment of Asian carps in a large floodplain river},
	author = {Solomon, Levi E. and Pendleton, Richard M. and Chick, John H. and Casper, Andrew F.},
	journal = {Biological Invasions},
	volume = {18},
	pages = {2883-2895},
	year = {2016},
}

@article{Sullivan2018,
	title = {Factors Regulating Year-Class Strength of Silver Carp Throughout the Mississippi River Basin},
	author = {Sullivan, Christopher J. and Weber, Michael J.},
	journal = {Transactions of the American Fisheries Society},
	volume = {147},
	number = {3},
	pages = {541-553},
	year = {2018},	
}

@article{Tomkiewicz2010,
	title = {Global positioning system and associated technologies in animal behavior and ecological research},
	author = {Tomkiewicz, Stanley M. and Fuller, Mark R. and Kie, John G. and Bates, Kirk K.},
	journal = {Philosophical Transactions of the Royal Society B},
	volume = {365},
	pages = {2163-2176},
	year = {2010},
}

@article{Vetter2015,
	title = {Acoustical deterrence of Silver Carp (\emph{Hypophthalmychthys molitrix})},
	author = {Vetter, Brooke J. and Cupp, Aaron R. and Fredricks, Kim T. and Gaikowski, Mark P. and Mensinger, Allen F.},
	journal = {Biological Invasions},
	volume = {17},
	pages = {3383-3392},
	year = {2015},
}

@article{Vetter2017,
	title = {Acoustic deterrence of bighead carp (\emph{Hypophthalmichthys nobilis}) to a broadband sound stimulus},
	author = {Vetter, Brooke J. and Murchy, Kelsie A. and Cupp, Aaron R. and Amberg, Jon J. and Gaikowski, Mark P. and Mensinger, Allen F.},
	journal = {Journal of Great Lakes Research},
	volume = {43},
	number = {1},
	pages = {163-171},
	year = {2017},
}

@article{Vogel2019,
	title = {Exploring movement decisions: Can Bayesian movement-state models explain crop consumption behaviour in elephants (\emph{Loxodonta africana})?},
	author = {Vogel, Susanne Marieke and Lambert, Ben and Songhurst, Anna Catherine and McCulloch, Graham Paul and Stronza, Amanda Lee and Coulson, Tim},
	journal = {Journal of Animal Ecology},
	volume = {89},
	pages = {1055-1068},
	year = {2020},
}

@article{Whoriskey2017,
	title = {A hidden Markov movement model for rapidly identifying behavioral states from animal tracks},
	author = {Whoriskey, Kim and Auger-Méthe, Marie and Albertsen, Christoffer M. and Whoriskey, Frederick G. and Binder, Thomas R. and Krueger, Charles C. and Flemming, Joanna Mills},
	journal = {Ecology and Evolution},
	volume = {7},
	pages = {2112-2121},
	year = {2017},
}

@article{Wysocki2007,
	title = {Diversity in ambient noise in European freshwater habitats: Noise levels, spectral profiles, and impact on fishes},
	author = {Wysocki, Lidia Eva and Amoser, Sonja and Ladich, Friedrich},
	journal = {The Journal of the Acoustical Society of America},
	volume = {121},
	number = {5},
	pages = {2559-2566},
	year = {2007},
}

@article{Zielinski2016,
	title = {Bubble Curtain Deflection Screen Diverts the Movement of both Asian and Common Carp},
	author = {Zielinski, D.P. and Sorensen, P.W.},
	journal = {North American Journal of Fisheries Management},
	volume = {36},
	number = {2},
	pages = {267-276},
	year = {2016},
}